<record><leader>00000cas a22000007a 4500</leader><controlfield tag="001">19680918</controlfield><controlfield tag="008">890509d19111927aruwr ne      0    0eng d</controlfield><datafield ind1=" " ind2=" " tag="010"><subfield code="a">sn 89051204 </subfield></datafield><datafield ind1=" " ind2=" " tag="040"><subfield code="a">ANU</subfield><subfield code="b">eng</subfield><subfield code="c">ANU</subfield><subfield code="d">OCLCQ</subfield></datafield><datafield ind1=" " ind2=" " tag="042"><subfield code="a">msc</subfield></datafield><datafield ind1="0" ind2="0" tag="245"><subfield code="a">Desha County news.</subfield></datafield><datafield ind1=" " ind2=" " tag="260"><subfield code="a">McGehee, Desha County, Ark. :</subfield><subfield code="b">Desha County Pub. Co.</subfield></datafield><datafield ind1=" " ind2=" " tag="300"><subfield code="a">v.</subfield></datafield><datafield ind1=" " ind2=" " tag="310"><subfield code="a">Weekly</subfield></datafield><datafield ind1="1" ind2=" " tag="362"><subfield code="a">Began in 1911?</subfield></datafield><datafield ind1="0" ind2=" " tag="362"><subfield code="a">-v. 29, no. 39 (Dec. 22, 1927).</subfield></datafield><datafield ind1=" " ind2=" " tag="580"><subfield code="a">Formed by the union of: Dumas news, and: McGeehee news (non-extant).</subfield></datafield><datafield ind1=" " ind2=" " tag="588"><subfield code="a">Description based on: Vol. 22, no. 48 (Jan. 6, 1920).</subfield></datafield><datafield ind1=" " ind2=" " tag="752"><subfield code="a">United States</subfield><subfield code="b">Arkansas</subfield><subfield code="c">Desha</subfield><subfield code="d">McGehee.</subfield></datafield><datafield ind1="1" ind2="4" tag="780"><subfield code="t">Dumas news</subfield><subfield code="w">(DLC)sn 90050246</subfield></datafield><datafield ind1="1" ind2="4" tag="780"><subfield code="t">McGehee news</subfield></datafield><datafield ind1="0" ind2="4" tag="785"><subfield code="t">McGehee semi-weekly times</subfield><subfield code="w">(DLC)sn 89051200</subfield></datafield><datafield ind1="1" ind2=" " tag="029"><subfield code="a">AU@</subfield><subfield code="b">000025897915</subfield></datafield></record>